<?xml version="1.0" encoding="UTF-8"?>
<record xmlns="http://www.loc.gov/MARC21/slim" xmlns:xsi="http://www.w3.org/2001/XMLSchema-instance" xsi:schemaLocation="http://www.loc.gov/MARC21/slim http://www.loc.gov/standards/marcxml/schema/MARC21slim.xsd">
<leader>     cam a2200265u  4500</leader>
<controlfield tag="001">001677973</controlfield>
<controlfield tag="003">NNU</controlfield>
<controlfield tag="005">20001218202528.0</controlfield>
<controlfield tag="008">820707s1968    iq            000 0 arax</controlfield>
<datafield tag="010" ind1=" " ind2=" ">
<subfield code="a">79960064</subfield>
</datafield>
<datafield tag="020" ind1=" " ind2=" ">
<subfield code="c">0.40</subfield>
</datafield>
<datafield tag="035" ind1="9" ind2=" ">
<subfield code="a">NYUb12221358</subfield>
</datafield>
<datafield tag="035" ind1=" " ind2=" ">
<subfield code="a">(CStRLIN)NYPG82-B20525</subfield>
</datafield>
<datafield tag="040" ind1=" " ind2=" ">
<subfield code="c">NN</subfield>
<subfield code="d">NN</subfield>
</datafield>
<datafield tag="050" ind1="0" ind2=" ">
<subfield code="a">BP191</subfield>
<subfield code="b">.M3 1968</subfield>
</datafield>
<datafield tag="100" ind1="1" ind2=" ">
<subfield code="a">Malaṭī, Muḥammad ibn Aḥmad,</subfield>
<subfield code="d">d. 987 or 8.</subfield>
</datafield>
<datafield tag="245" ind1="1" ind2="3">
<subfield code="a">al-Tanbīh wa-al-radd ʻalá ahl al-ahwāʼ wa-al-bidaʻ,</subfield>
<subfield code="c">li-Abī al-Ḥusayn Muḥammad ibn Aḥmad ibn ʻAbd al-Raḥmām al-Malaṭī al-Shāfiʻī. Qaddama lahu wa-allaqa ʻalayhi Muḥammad Zāhid ibn al-Ḥasan al-Kawtharī.</subfield>
</datafield>
<datafield tag="250" ind1=" " ind2=" ">
<subfield code="a">[al-Ṭabʻah 2]</subfield>
</datafield>
<datafield tag="260" ind1=" " ind2=" ">
<subfield code="a">Baghdād,</subfield>
<subfield code="b">Maktabat al-Muthanná,</subfield>
<subfield code="c">1968.</subfield>
</datafield>
<datafield tag="300" ind1=" " ind2=" ">
<subfield code="a">20, 219 p.</subfield>
<subfield code="c">24 cm.</subfield>
</datafield>
<datafield tag="500" ind1=" " ind2=" ">
<subfield code="a">Cover title: al-Tanbih wʼarrad alà ahl-el-ahwaà wʼal-bidaâ [by] Muhamad ben Ahmad ben abdei Rahmah el Malti Achafie.</subfield>
</datafield>
<datafield tag="650" ind1=" " ind2="0">
<subfield code="a">Islamic sects.</subfield>
</datafield>
<datafield tag="700" ind1="1" ind2=" ">
<subfield code="a">Kawtharī, Muḥammad Zāhid ibn al-Ḥasan.</subfield>
</datafield>
<datafield tag="OWN" ind1=" " ind2=" ">
<subfield code="a">GENERAL</subfield>
</datafield>
<datafield tag="950" ind1=" " ind2=" ">
<subfield code="l">BMAIN</subfield>
<subfield code="a">BP191</subfield>
<subfield code="b">.M3 1968</subfield>
</datafield>
<datafield tag="955" ind1=" " ind2=" ">
<subfield code="l">BMAIN</subfield>
<subfield code="c">1</subfield>
<subfield code="r">028091711</subfield>
</datafield>
<datafield tag="998" ind1=" " ind2=" ">
<subfield code="s">9114</subfield>
</datafield>
<datafield tag="AVA" ind1=" " ind2=" ">
<subfield code="a">NYU50</subfield>
<subfield code="b">BOBST</subfield>
<subfield code="c">Main Collection</subfield>
<subfield code="d">BP191 .M3 1968</subfield>
<subfield code="e">unavailable</subfield>
<subfield code="t">Unavailable</subfield>
<subfield code="f">1</subfield>
<subfield code="g">1</subfield>
<subfield code="h">N</subfield>
<subfield code="i">0</subfield>
<subfield code="j">MAIN</subfield>
<subfield code="k">0</subfield>
</datafield>
</record>
